<record><leader>00000cas a22000007a 4500</leader><controlfield tag="001">11447464</controlfield><controlfield tag="008">841203d19231924inuwr ne      0   a0eng d</controlfield><datafield ind1=" " ind2=" " tag="010"><subfield code="a">sn 84025003 </subfield></datafield><datafield ind1=" " ind2=" " tag="040"><subfield code="a">NPV</subfield><subfield code="b">eng</subfield><subfield code="c">NPV</subfield><subfield code="d">NPY</subfield><subfield code="d">DLC</subfield><subfield code="d">OCLCQ</subfield><subfield code="d">OCLCF</subfield><subfield code="d">OCLCO</subfield><subfield code="d">IUL</subfield><subfield code="d">OCLCA</subfield></datafield><datafield ind1=" " ind2=" " tag="042"><subfield code="a">msc</subfield></datafield><datafield ind1=" " ind2=" " tag="043"><subfield code="a">n-us---</subfield></datafield><datafield ind1="0" ind2=" " tag="130"><subfield code="a">Fiery cross (Indianapolis, Ind. : Ohio State ed.)</subfield></datafield><datafield ind1="1" ind2="0" tag="245"><subfield code="a">Fiery cross.</subfield></datafield><datafield ind1="3" ind2="0" tag="246"><subfield code="a">Ohio fiery cross</subfield></datafield><datafield ind1=" " ind2=" " tag="250"><subfield code="a">Ohio State ed.</subfield></datafield><datafield ind1=" " ind2=" " tag="260"><subfield code="a">Indianapolis, Ind. :</subfield><subfield code="b">Empire Pub. Co.,</subfield><subfield code="c">1923-1924.</subfield></datafield><datafield ind1=" " ind2=" " tag="300"><subfield code="a">1 v. :</subfield><subfield code="b">ill. ;</subfield><subfield code="c">63 cm.</subfield></datafield><datafield ind1=" " ind2=" " tag="310"><subfield code="a">Weekly</subfield></datafield><datafield ind1="0" ind2=" " tag="362"><subfield code="a">Vol. 2, no. 37 (July 20, 1923)-v. 3, no. 28 (May 9, 1924).</subfield></datafield><datafield ind1=" " ind2=" " tag="500"><subfield code="a">Issues for Aug. 31-Nov. 30, 1923 and Feb. 29-May 9, 1924 called Ohio fiery cross. Issues for Dec. 7, 1923-Feb. 22, 1924 called Fiery cross, Ohio ed.</subfield></datafield><datafield ind1=" " ind2=" " tag="500"><subfield code="a">Published at Columbus, Ohio, Aug. 31-Nov. 30, 1923; Indianapolis, Dec. 7, 1923-Feb. 22, 1924; Dayton, Ohio, Feb. 29-May 9, 1924.</subfield></datafield><datafield ind1=" " ind2=" " tag="550"><subfield code="a">"Ohio's official Klan newspaper."</subfield></datafield><datafield ind1=" " ind2="0" tag="650"><subfield code="a">White supremacy movements</subfield><subfield code="z">United States</subfield><subfield code="v">Newspapers.</subfield></datafield><datafield ind1=" " ind2="0" tag="650"><subfield code="a">Racism</subfield><subfield code="z">United States</subfield><subfield code="v">Newspapers.</subfield></datafield><datafield ind1=" " ind2="7" tag="650"><subfield code="a">Racism.</subfield><subfield code="2">fast</subfield><subfield code="0">(OCoLC)fst01086616</subfield></datafield><datafield ind1=" " ind2="7" tag="650"><subfield code="a">White supremacy movements.</subfield><subfield code="2">fast</subfield><subfield code="0">(OCoLC)fst01174715</subfield></datafield><datafield ind1=" " ind2="7" tag="651"><subfield code="a">United States.</subfield><subfield code="2">fast</subfield><subfield code="0">(OCoLC)fst01204155</subfield></datafield><datafield ind1=" " ind2="7" tag="655"><subfield code="a">Newspapers.</subfield><subfield code="2">fast</subfield><subfield code="0">(OCoLC)fst01423814</subfield></datafield><datafield ind1="2" ind2=" " tag="710"><subfield code="a">Ku Klux Klan (1915- )</subfield></datafield><datafield ind1=" " ind2=" " tag="752"><subfield code="a">United States</subfield><subfield code="b">Ohio</subfield><subfield code="c">Montgomery</subfield><subfield code="d">Dayton.</subfield></datafield><datafield ind1=" " ind2=" " tag="752"><subfield code="a">United States</subfield><subfield code="b">Ohio</subfield><subfield code="c">Franklin</subfield><subfield code="d">Columbus.</subfield></datafield><datafield ind1=" " ind2=" " tag="752"><subfield code="a">United States</subfield><subfield code="b">Indiana</subfield><subfield code="c">Marion</subfield><subfield code="d">Indianapolis.</subfield></datafield><datafield ind1="0" ind2=" " tag="775"><subfield code="t">Fiery cross (Indianapolis, Ind. : Indiana State ed.)</subfield><subfield code="w">(DLC)sn 85038011</subfield><subfield code="w">(OCoLC)11636494</subfield></datafield><datafield ind1="0" ind2="5" tag="780"><subfield code="t">Kluxer</subfield></datafield><datafield ind1="0" ind2="0" tag="785"><subfield code="t">Klan kourier</subfield><subfield code="w">(DLC)sn 84025004</subfield><subfield code="w">(OCoLC)11447384</subfield></datafield></record>